%Thou shalt cite Maldacena.
@article{Maldacena:1997re,
      author         = "Maldacena, Juan Martin",
      title          = "{The Large N limit of superconformal field theories and
                        supergravity}",
      journal        = "Adv.Theor.Math.Phys.",
      volume         = "2",
      pages          = "231-252",
      year           = "1998",
      eprint         = "hep-th/9711200",
      archivePrefix  = "arXiv",
      primaryClass   = "hep-th",
      reportNumber   = "HUTP-98-A097",
      SLACcitation   = "%%CITATION = HEP-TH/9711200;%%",
}

@book{joesbook,
  title = {String Theory, Volumes 1 and 2},
  publisher = {Cambridge University Press},
  year = {2005},
  author = {Joseph {Polchinski}},
  address = {Cambridge},
  edition = {first},
  owner = {public domain},
  timestamp = {}
}

@article{condor, 
  author    = "Douglas Thain and Todd Tannenbaum and Miron Livny",
  title     = "Distributed computing in practice: the Condor experience.",
  journal   = "Concurrency - Practice and Experience",
  volume    = "17",
  number    = "2-4",
  year      = "2005",
  pages     = "323-356",
}

@article{raytrace,
  issn = {1528-4980},
  journal = {Crossroads},
  pages = {3--7},
  volume = {3},
  publisher = {ACM},
  number = {4},
  year = {1997},
  title = {Ray tracing: graphics for the masses},
  language = {eng},
  author = {Rademacher, Paul},
  keywords = {Computer Science},
}